@article{samek2021explaining,
	title={Explaining deep neural networks and beyond: A review of methods and applications},
	author={Samek, Wojciech and Montavon, Gr{\'e}goire and Lapuschkin, Sebastian and Anders, Christopher J and M{\"u}ller, Klaus-Robert},
	journal={Proceedings of the IEEE},
	volume={109},
	number={3},
	pages={247--278},
	year={2021},
	publisher={IEEE}
}

@article{wu2023graph,
	title={Graph neural networks for natural language processing: A survey},
	author={Wu, Lingfei and Chen, Yu and Shen, Kai and Guo, Xiaojie and Gao, Hanning and Li, Shucheng and Pei, Jian and Long, Bo and others},
	journal={Foundations and Trends{\textregistered} in Machine Learning},
	volume={16},
	number={2},
	pages={119--328},
	year={2023},
	publisher={Now Publishers, Inc.}
}

@article{lauriola2022introduction,
	title={An introduction to deep learning in natural language processing: Models, techniques, and tools},
	author={Lauriola, Ivano and Lavelli, Alberto and Aiolli, Fabio},
	journal={Neurocomputing},
	volume={470},
	pages={443--456},
	year={2022},
	publisher={Elsevier}
}

@article{caucheteux2022brains,
	title={Brains and algorithms partially converge in natural language processing},
	author={Caucheteux, Charlotte and King, Jean-R{\'e}mi},
	journal={Communications biology},
	volume={5},
	number={1},
	pages={134},
	year={2022},
	publisher={Nature Publishing Group UK London}
}

@article{buhrmester2021analysis,
	title={Analysis of explainers of black box deep neural networks for computer vision: A survey},
	author={Buhrmester, Vanessa and M{\"u}nch, David and Arens, Michael},
	journal={Machine Learning and Knowledge Extraction},
	volume={3},
	number={4},
	pages={966--989},
	year={2021},
	publisher={Multidisciplinary Digital Publishing Institute}
}

@article{lindsay2021convolutional,
	title={Convolutional neural networks as a model of the visual system: Past, present, and future},
	author={Lindsay, Grace W},
	journal={Journal of cognitive neuroscience},
	volume={33},
	number={10},
	pages={2017--2031},
	year={2021},
	publisher={MIT Press}
}

@article{gururaj2022deep,
	title={Deep grading of mangoes using Convolutional Neural Network and Computer Vision},
	author={Gururaj, Nirmala and Vinod, Viji and Vijayakumar, K},
	journal={Multimedia Tools and Applications},
	pages={1--26},
	year={2022},
	publisher={Springer}
}

@article{dua2022developing,
	title={Developing a Speech Recognition System for Recognizing Tonal Speech Signals Using a Convolutional Neural Network},
	author={Dua, Sakshi and Kumar, Sethuraman Sambath and Albagory, Yasser and Ramalingam, Rajakumar and Dumka, Ankur and Singh, Rajesh and Rashid, Mamoon and Gehlot, Anita and Alshamrani, Sultan S and AlGhamdi, Ahmed Saeed},
	journal={Applied Sciences},
	volume={12},
	number={12},
	pages={6223},
	year={2022},
	publisher={MDPI}
}

@article{zhang2022robustness,
	title={Robustness verification of swish neural networks embedded in autonomous driving systems},
	author={Zhang, Zhaodi and Liu, Jing and Liu, Guanjun and Wang, Jiacun and Zhang, John},
	journal={IEEE Transactions on Computational Social Systems},
	year={2022},
	publisher={IEEE}
}

@article{shakeel2022automatic,
	title={Automatic lung cancer detection from CT image using improved deep neural network and ensemble classifier},
	author={Shakeel, P Mohamed and Burhanuddin, MA and Desa, Mohammad Ishak},
	journal={Neural Computing and Applications},
	pages={1--14},
	year={2022},
	publisher={Springer}
}

@inproceedings{ling2020using,
	title={Using deep convolutional neural networks to detect rendered glitches in video games},
	author={Ling, Carlos and Tollmar, Konrad and Gissl{\'e}n, Linus},
	booktitle={Proceedings of the AAAI Conference on Artificial Intelligence and Interactive Digital Entertainment},
	volume={16},
	number={1},
	pages={66--73},
	year={2020}
}

@article{brown2020language,
	title={Language models are few-shot learners},
	author={Brown, Tom and Mann, Benjamin and Ryder, Nick and Subbiah, Melanie and Kaplan, Jared D and Dhariwal, Prafulla and Neelakantan, Arvind and Shyam, Pranav and Sastry, Girish and Askell, Amanda and others},
	journal={Advances in neural information processing systems},
	volume={33},
	pages={1877--1901},
	year={2020}
}

@inproceedings{wang2021fingerprinting,
	title={Fingerprinting deep neural networks-a deepfool approach},
	author={Wang, Si and Chang, Chip-Hong},
	booktitle={2021 IEEE International Symposium on Circuits and Systems (ISCAS)},
	pages={1--5},
	year={2021},
	organization={IEEE}
}

@inproceedings{li2020protecting,
	title={Protecting the intellectual property of deep neural networks with watermarking: The frequency domain approach},
	author={Li, Meng and Zhong, Qi and Zhang, Leo Yu and Du, Yajuan and Zhang, Jun and Xiang, Yong},
	booktitle={2020 IEEE 19th International Conference on Trust, Security and Privacy in Computing and Communications (TrustCom)},
	pages={402--409},
	year={2020},
	organization={IEEE}
}

@article{tanuwidjaja2020privacy,
	title={Privacy-preserving deep learning on machine learning as a service—a comprehensive survey},
	author={Tanuwidjaja, Harry Chandra and Choi, Rakyong and Baek, Seunggeun and Kim, Kwangjo},
	journal={IEEE Access},
	volume={8},
	pages={167425--167447},
	year={2020},
	publisher={IEEE}
}

@article{ofoeda2019application,
	title={Application programming interface (API) research: A review of the past to inform the future},
	author={Ofoeda, Joshua and Boateng, Richard and Effah, John},
	journal={International Journal of Enterprise Information Systems (IJEIS)},
	volume={15},
	number={3},
	pages={76--95},
	year={2019},
	publisher={IGI Global}
}

@inproceedings{hu2021stealing,
	title={Stealing machine learning models: Attacks and countermeasures for generative adversarial networks},
	author={Hu, Hailong and Pang, Jun},
	booktitle={Annual Computer Security Applications Conference},
	pages={1--16},
	year={2021}
}

@inproceedings{yue2021black,
	title={Black-box attacks on sequential recommenders via data-free model extraction},
	author={Yue, Zhenrui and He, Zhankui and Zeng, Huimin and McAuley, Julian},
	booktitle={Proceedings of the 15th ACM Conference on Recommender Systems},
	pages={44--54},
	year={2021}
}

@inproceedings{guo2019spottune,
	title={Spottune: transfer learning through adaptive fine-tuning},
	author={Guo, Yunhui and Shi, Honghui and Kumar, Abhishek and Grauman, Kristen and Rosing, Tajana and Feris, Rogerio},
	booktitle={Proceedings of the IEEE/CVF conference on computer vision and pattern recognition},
	pages={4805--4814},
	year={2019}
}

@article{liu2018rethinking,
	title={Rethinking the value of network pruning},
	author={Liu, Zhuang and Sun, Mingjie and Zhou, Tinghui and Huang, Gao and Darrell, Trevor},
	journal={arXiv preprint arXiv:1810.05270},
	year={2018}
}

@article{deng2020model,
	title={Model compression and hardware acceleration for neural networks: A comprehensive survey},
	author={Deng, Lei and Li, Guoqi and Han, Song and Shi, Luping and Xie, Yuan},
	journal={Proceedings of the IEEE},
	volume={108},
	number={4},
	pages={485--532},
	year={2020},
	publisher={IEEE}
}

@article{gou2021knowledge,
	title={Knowledge distillation: A survey},
	author={Gou, Jianping and Yu, Baosheng and Maybank, Stephen J and Tao, Dacheng},
	journal={International Journal of Computer Vision},
	volume={129},
	pages={1789--1819},
	year={2021},
	publisher={Springer}
}

@article{simonyan2014very,
	title={Very deep convolutional networks for large-scale image recognition},
	author={Simonyan, Karen and Zisserman, Andrew},
	journal={arXiv preprint arXiv:1409.1556},
	year={2014}
}

@inproceedings{van1994digital,
	title={A digital watermark},
	author={Van Schyndel, Ron G and Tirkel, Andrew Z and Osborne, Charles F},
	booktitle={Proceedings of 1st international conference on image processing},
	volume={2},
	pages={86--90},
	year={1994},
	organization={IEEE}
}

@article{GYKJ202207020,
	author = {刘根 and 赵翔宇 and 王子驰 and 吴汉舟 and 张新鹏},
	title = {面向深度模型的多用户水印系统},
	journal = {工业控制计算机},
	volume = {},
	number = {53-55+58},
	year = {2022},
	doi ={}
}

@inproceedings{uchida2017embedding,
	title={Embedding watermarks into deep neural networks},
	author={Uchida, Yusuke and Nagai, Yuki and Sakazawa, Shigeyuki and Satoh, Shin'ichi},
	booktitle={Proceedings of the 2017 ACM on international conference on multimedia retrieval},
	pages={269--277},
	year={2017}
}

@article{zhang2021deep,
	title={Deep model intellectual property protection via deep watermarking},
	author={Zhang, Jie and Chen, Dongdong and Liao, Jing and Zhang, Weiming and Feng, Huamin and Hua, Gang and Yu, Nenghai},
	journal={IEEE Transactions on Pattern Analysis and Machine Intelligence},
	volume={44},
	number={8},
	pages={4005--4020},
	year={2021},
	publisher={IEEE}
}

@article{fan2019rethinking,
	title={Rethinking deep neural network ownership verification: Embedding passports to defeat ambiguity attacks},
	author={Fan, Lixin and Ng, Kam Woh and Chan, Chee Seng},
	journal={Advances in neural information processing systems},
	volume={32},
	year={2019}
}

@article{chen2018deepmarks,
	title={Deepmarks: A digital fingerprinting framework for deep neural networks},
	author={Chen, Huili and Rohani, Bita Darvish and Koushanfar, Farinaz},
	journal={arXiv preprint arXiv:1804.03648},
	year={2018}
}

@article{le2020adversarial,
	title={Adversarial frontier stitching for remote neural network watermarking},
	author={Le Merrer, Erwan and Perez, Patrick and Tr{\'e}dan, Gilles},
	journal={Neural Computing and Applications},
	volume={32},
	pages={9233--9244},
	year={2020},
	publisher={Springer}
}

@inproceedings{zhang2018protecting,
	title={Protecting intellectual property of deep neural networks with watermarking},
	author={Zhang, Jialong and Gu, Zhongshu and Jang, Jiyong and Wu, Hui and Stoecklin, Marc Ph and Huang, Heqing and Molloy, Ian},
	booktitle={Proceedings of the 2018 on Asia Conference on Computer and Communications Security},
	pages={159--172},
	year={2018}
}

@inproceedings{adi2018turning,
	title={Turning your weakness into a strength: Watermarking deep neural networks by backdooring},
	author={Adi, Yossi and Baum, Carsten and Cisse, Moustapha and Pinkas, Benny and Keshet, Joseph},
	booktitle={27th $\{$USENIX$\}$ Security Symposium ($\{$USENIX$\}$ Security 18)},
	pages={1615--1631},
	year={2018}
}

@article{rouhani2018deepsigns,
	title={Deepsigns: A generic watermarking framework for ip protection of deep learning models},
	author={Rouhani, Bita Darvish and Chen, Huili and Koushanfar, Farinaz},
	journal={arXiv preprint arXiv:1804.00750},
	year={2018}
}

@article{zhao2020afa,
	title={AFA: Adversarial fingerprinting authentication for deep neural networks},
	author={Zhao, Jingjing and Hu, Qingyue and Liu, Gaoyang and Ma, Xiaoqiang and Chen, Fei and Hassan, Mohammad Mehedi},
	journal={Computer Communications},
	volume={150},
	pages={488--497},
	year={2020},
	publisher={Elsevier}
}

@article{lukas2019deep,
	title={Deep neural network fingerprinting by conferrable adversarial examples},
	author={Lukas, Nils and Zhang, Yuxuan and Kerschbaum, Florian},
	journal={arXiv preprint arXiv:1912.00888},
	year={2019}
}

@inproceedings{cao2021ipguard,
	title={IPGuard: Protecting intellectual property of deep neural networks via fingerprinting the classification boundary},
	author={Cao, Xiaoyu and Jia, Jinyuan and Gong, Neil Zhenqiang},
	booktitle={Proceedings of the 2021 ACM Asia Conference on Computer and Communications Security},
	pages={14--25},
	year={2021}
}

@article{li2021novel,
	title={A Novel Verifiable Fingerprinting Scheme for Generative Adversarial Networks},
	author={Li, Guanlin and Xu, Guowen and Qiu, Han and Guo, Shangwei and Wang, Run and Li, Jiwei and Zhang, Tianwei},
	journal={arXiv preprint arXiv:2106.11760},
	year={2021}
}

@article{goodfellow2020generative,
	title={Generative adversarial networks},
	author={Goodfellow, Ian and Pouget-Abadie, Jean and Mirza, Mehdi and Xu, Bing and Warde-Farley, David and Ozair, Sherjil and Courville, Aaron and Bengio, Yoshua},
	journal={Communications of the ACM},
	volume={63},
	number={11},
	pages={139--144},
	year={2020},
	publisher={ACM New York, NY, USA}
}

@article{dong2021fingerprinting,
	title={Fingerprinting Multi-exit Deep Neural Network Models via Inference Time},
	author={Dong, Tian and Qiu, Han and Zhang, Tianwei and Li, Jiwei and Li, Hewu and Lu, Jialiang},
	journal={arXiv preprint arXiv:2110.03175},
	year={2021}
}

@article{hinton2015distilling,
	title={Distilling the knowledge in a neural network},
	author={Hinton, Geoffrey and Vinyals, Oriol and Dean, Jeff},
	journal={arXiv preprint arXiv:1503.02531},
	year={2015}
}

@article{li2019piracy,
	title={Piracy resistant watermarks for deep neural networks},
	author={Li, Huiying and Wenger, Emily and Shan, Shawn and Zhao, Ben Y and Zheng, Haitao},
	journal={arXiv preprint arXiv:1910.01226},
	year={2019}
}

@inproceedings{he2016deep,
	title={Deep residual learning for image recognition},
	author={He, Kaiming and Zhang, Xiangyu and Ren, Shaoqing and Sun, Jian},
	booktitle={Proceedings of the IEEE conference on computer vision and pattern recognition},
	pages={770--778},
	year={2016}
}

@article{szegedy2013intriguing,
	title={Intriguing properties of neural networks},
	author={Szegedy, Christian and Zaremba, Wojciech and Sutskever, Ilya and Bruna, Joan and Erhan, Dumitru and Goodfellow, Ian and Fergus, Rob},
	journal={arXiv preprint arXiv:1312.6199},
	year={2013}
}

@article{goodfellow2014generative,
	title={Generative Adversarial Nets},
	author={Goodfellow, Ian J and Pouget-Abadie, Jean and Mirza, Mehdi and Xu, Bing and Warde-Farley, David and Ozair, Sherjil and Courville, Aaron and Bengio, Yoshua},
	journal={stat},
	volume={1050},
	pages={10},
	year={2014}
}

@article{chen2022generative,
	title={Generative adversarial networks in medical image augmentation: a review},
	author={Chen, Yizhou and Yang, Xu-Hua and Wei, Zihan and Heidari, Ali Asghar and Zheng, Nenggan and Li, Zhicheng and Chen, Huiling and Hu, Haigen and Zhou, Qianwei and Guan, Qiu},
	journal={Computers in Biology and Medicine},
	pages={105382},
	year={2022},
	publisher={Elsevier}
}

@article{singh2021medical,
	title={Medical image generation using generative adversarial networks: A review},
	author={Singh, Nripendra Kumar and Raza, Khalid},
	journal={Health informatics: A computational perspective in healthcare},
	pages={77--96},
	year={2021},
	publisher={Springer}
}

@article{zhou2023hybrid,
	title={Hybrid quantum--classical generative adversarial networks for image generation via learning discrete distribution},
	author={Zhou, Nan-Run and Zhang, Tian-Feng and Xie, Xin-Wen and Wu, Jun-Yun},
	journal={Signal Processing: Image Communication},
	volume={110},
	pages={116891},
	year={2023},
	publisher={Elsevier}
}

@article{xu2022te,
	title={TE-SAGAN: An Improved Generative Adversarial Network for Remote Sensing Super-Resolution Images},
	author={Xu, Yongyang and Luo, Wei and Hu, Anna and Xie, Zhong and Xie, Xuejing and Tao, Liufeng},
	journal={Remote Sensing},
	volume={14},
	number={10},
	pages={2425},
	year={2022},
	publisher={MDPI}
}

@article{JFYZ202205002,
	author = {樊雪峰 and 周晓谊 and 朱冰冰 and 董津位 and 牛俊 and 王鹤},
	title = {深度神经网络模型版权保护方案综述},
	journal = {计算机研究与发展},
	volume = {},
	number = {953-977},
	year = {2022},
	doi ={}
}

@article{WXAQ202202001,
	author = {王馨雅 and 华光 and 江昊 and 张海剑},
	title = {深度学习模型的版权保护研究综述},
	journal = {网络与信息安全学报},
	volume = {},
	number = {1-14},
	year = {2022},
	doi ={}
}

@inproceedings{kuribayashi2020deepwatermark,
	title={Deepwatermark: Embedding watermark into DNN model},
	author={Kuribayashi, Minoru and Tanaka, Takuro and Funabiki, Nobuo},
	booktitle={2020 Asia-Pacific Signal and Information Processing Association Annual Summit and Conference (APSIPA ASC)},
	pages={1340--1346},
	year={2020},
	organization={IEEE}
}

@article{xue2021intellectual,
	title={Intellectual property protection for deep learning models: Taxonomy, methods, attacks, and evaluations},
	author={Xue, Mingfu and Zhang, Yushu and Wang, Jian and Liu, Weiqiang},
	journal={IEEE Transactions on Artificial Intelligence},
	volume={3},
	number={6},
	pages={908--923},
	year={2021},
	publisher={IEEE}
}

@inproceedings{namba2019robust,
	title={Robust watermarking of neural network with exponential weighting},
	author={Namba, Ryota and Sakuma, Jun},
	booktitle={Proceedings of the 2019 ACM Asia Conference on Computer and Communications Security},
	pages={228--240},
	year={2019}
}

@inproceedings{shafieinejad2021robustness,
	title={On the robustness of backdoor-based watermarking in deep neural networks},
	author={Shafieinejad, Masoumeh and Lukas, Nils and Wang, Jiaqi and Li, Xinda and Kerschbaum, Florian},
	booktitle={Proceedings of the 2021 ACM Workshop on Information Hiding and Multimedia Security},
	pages={177--188},
	year={2021}
}

@article{chen2019blackmarks,
	title={Blackmarks: Blackbox multibit watermarking for deep neural networks},
	author={Chen, Huili and Rouhani, Bita Darvish and Koushanfar, Farinaz},
	journal={arXiv preprint arXiv:1904.00344},
	year={2019}
}

@inproceedings{chen2019deepmarks,
	title={Deepmarks: A secure fingerprinting framework for digital rights management of deep learning models},
	author={Chen, Huili and Rouhani, Bita Darvish and Fu, Cheng and Zhao, Jishen and Koushanfar, Farinaz},
	booktitle={Proceedings of the 2019 on International Conference on Multimedia Retrieval},
	pages={105--113},
	year={2019}
}


@article{maini2021dataset,
	title={Dataset inference: Ownership resolution in machine learning},
	author={Maini, Pratyush and Yaghini, Mohammad and Papernot, Nicolas},
	journal={arXiv preprint arXiv:2104.10706},
	year={2021}
}

@article{goodfellow2014explaining,
	title={Explaining and harnessing adversarial examples},
	author={Goodfellow, Ian J and Shlens, Jonathon and Szegedy, Christian},
	journal={arXiv preprint arXiv:1412.6572},
	year={2014}
}

@incollection{kurakin2018adversarial,
	title={Adversarial examples in the physical world},
	author={Kurakin, Alexey and Goodfellow, Ian J and Bengio, Samy},
	booktitle={Artificial intelligence safety and security},
	pages={99--112},
	year={2018},
	publisher={Chapman and Hall/CRC}
}

@article{tramer2017ensemble,
	title={Ensemble adversarial training: Attacks and defenses},
	author={Tram{\`e}r, Florian and Kurakin, Alexey and Papernot, Nicolas and Goodfellow, Ian and Boneh, Dan and McDaniel, Patrick},
	journal={arXiv preprint arXiv:1705.07204},
	year={2017}
}

@inproceedings{carlini2017towards,
	title={Towards evaluating the robustness of neural networks},
	author={Carlini, Nicholas and Wagner, David},
	booktitle={2017 ieee symposium on security and privacy (sp)},
	pages={39--57},
	year={2017},
	organization={Ieee}
}

@article{radford2015unsupervised,
	title={Unsupervised representation learning with deep convolutional generative adversarial networks},
	author={Radford, Alec and Metz, Luke and Chintala, Soumith},
	journal={arXiv preprint arXiv:1511.06434},
	year={2015}
}


@inproceedings{lao2022deepauth,
	title={Deepauth: A dnn authentication framework by model-unique and fragile signature embedding},
	author={Lao, Yingjie and Zhao, Weijie and Yang, Peng and Li, Ping},
	booktitle={Proceedings of the AAAI Conference on Artificial Intelligence},
	volume={36},
	number={9},
	pages={9595--9603},
	year={2022}
}

@article{krizhevsky2009learning,
	title={Learning multiple layers of features from tiny images},
	author={Krizhevsky, Alex and Hinton, Geoffrey and others},
	year={2009},
	publisher={Toronto, ON, Canada}
}



@article{devon2017boundary,
	title={Boundary-Seeking Generative Adversarial Networks},
	author={Devon Hjelm, R and Jacob, Athul Paul and Che, Tong and Trischler, Adam and Cho, Kyunghyun and Bengio, Yoshua},
	journal={arXiv e-prints},
	pages={arXiv--1702},
	year={2017}
}

@article{berthelot2017began,
	title={Began: Boundary equilibrium generative adversarial networks},
	author={Berthelot, David and Schumm, Thomas and Metz, Luke},
	journal={arXiv preprint arXiv:1703.10717},
	year={2017}
}


